<record><leader>00000cas a22000007a 4500</leader><controlfield tag="001">10739373</controlfield><controlfield tag="008">840516d18831905nhuwr ne      0    0eng  </controlfield><datafield ind1=" " ind2=" " tag="010"><subfield code="a">sn 84020391 </subfield></datafield><datafield ind1=" " ind2=" " tag="040"><subfield code="a">DLC</subfield><subfield code="b">eng</subfield><subfield code="c">DLC</subfield><subfield code="d">NVH</subfield><subfield code="d">OCLCQ</subfield></datafield><datafield ind1=" " ind2=" " tag="042"><subfield code="a">msc</subfield></datafield><datafield ind1="0" ind2="0" tag="050"><subfield code="a">Newspaper 8701-X</subfield></datafield><datafield ind1="0" ind2=" " tag="130"><subfield code="a">Cold River journal (Alstead, N.H.)</subfield></datafield><datafield ind1="1" ind2="4" tag="245"><subfield code="a">The Cold River journal.</subfield></datafield><datafield ind1=" " ind2=" " tag="260"><subfield code="a">Alstead, N.H. :</subfield><subfield code="b">C.S. Egerton</subfield></datafield><datafield ind1=" " ind2=" " tag="300"><subfield code="a">v.</subfield></datafield><datafield ind1=" " ind2=" " tag="310"><subfield code="a">Weekly</subfield></datafield><datafield ind1="0" ind2=" " tag="362"><subfield code="a">Vol. 1, no. 1 (Apr. 13, 1883)-</subfield></datafield><datafield ind1="1" ind2=" " tag="362"><subfield code="a">Ceased with Mar. 18, 1905 issue.</subfield></datafield><datafield ind1=" " ind2=" " tag="500"><subfield code="a">Published in Claremont, N.H., Dec. 2, 1887-&lt;Mar. 18, 1905&gt;.</subfield></datafield><datafield ind1=" " ind2=" " tag="752"><subfield code="a">United States</subfield><subfield code="b">New Hampshire</subfield><subfield code="c">Cheshire</subfield><subfield code="d">Alstead.</subfield></datafield><datafield ind1=" " ind2=" " tag="752"><subfield code="a">United States</subfield><subfield code="b">New Hampshire</subfield><subfield code="c">Sullivan</subfield><subfield code="d">Claremont.</subfield></datafield></record>